@article{Pirk:2016:VVA:3007328.3007336,
 author = {Pirk, Holger and Moll, Oscar and Zaharia, Matei and Madden, Sam},
 title = {Voodoo - a Vector Algebra for Portable Database Performance on Modern Hardware},
 journal = {Proc. VLDB Endow.},
 issue_date = {October 2016},
 volume = {9},
 number = {14},
 month = oct,
 year = {2016},
 issn = {2150-8097},
 pages = {1707--1718},
 numpages = {12},
 url = {http://dx.doi.org/10.14778/3007328.3007336},
 doi = {10.14778/3007328.3007336},
 acmid = {3007336},
 publisher = {VLDB Endowment},
}

@article{Graefe:1994:VEP:627290.627558,
 author = {Graefe, G.},
 title = {Volcanoâ€” An Extensible and Parallel Query Evaluation System},
 journal = {IEEE Trans. on Knowl. and Data Eng.},
 issue_date = {February 1994},
 volume = {6},
 number = {1},
 month = feb,
 year = {1994},
 issn = {1041-4347},
 pages = {120--135},
 numpages = {16},
 url = {https://doi.org/10.1109/69.273032},
 doi = {10.1109/69.273032},
 acmid = {627558},
 publisher = {IEEE Educational Activities Department},
 address = {Piscataway, NJ, USA},
 keywords = {Volcano, algebra operators, choose-plan meta-operator, data structures, data type, data-driven dataflow, database query processing, dataflow query execution system, demand-driven dataflow, dynamic query evaluation plans, extensibility, horizontal inter-operator parallelism, intra-operator parallelism, novel meta-operators, parallel programming, parallel query evaluation system, partitioned datasets, predicates, query optimization, query processing, query processing operators, resource allocation, semantics, support functions, type-specific methods.},
}

@article{Neumann:2011:ECE:2002938.2002940,
 author = {Neumann, Thomas},
 title = {Efficiently Compiling Efficient Query Plans for Modern Hardware},
 journal = {Proc. VLDB Endow.},
 issue_date = {June 2011},
 volume = {4},
 number = {9},
 month = jun,
 year = {2011},
 issn = {2150-8097},
 pages = {539--550},
 numpages = {12},
 url = {http://dx.doi.org/10.14778/2002938.2002940},
 doi = {10.14778/2002938.2002940},
 acmid = {2002940},
 publisher = {VLDB Endowment},
} 

@inproceedings{Begoli:2018:ACF:3183713.3190662,
 author = {Begoli, Edmon and Camacho-Rodr\'{\i}guez, Jes\'{u}s and Hyde, Julian and Mior, Michael J. and Lemire, Daniel},
 title = {Apache Calcite: A Foundational Framework for Optimized Query Processing Over Heterogeneous Data Sources},
 booktitle = {Proceedings of the 2018 International Conference on Management of Data},
 series = {SIGMOD '18},
 year = {2018},
 isbn = {978-1-4503-4703-7},
 location = {Houston, TX, USA},
 pages = {221--230},
 numpages = {10},
 url = {http://doi.acm.org/10.1145/3183713.3190662},
 doi = {10.1145/3183713.3190662},
 acmid = {3190662},
 publisher = {ACM},
 address = {New York, NY, USA},
 keywords = {apache calcite, data management, modular query optimization, query algebra, relational semantics, storage adapters},
} 

@article{Codd:1970:RMD:362384.362685,
 author = {Codd, E. F.},
 title = {A Relational Model of Data for Large Shared Data Banks},
 journal = {Commun. ACM},
 issue_date = {June 1970},
 volume = {13},
 number = {6},
 month = jun,
 year = {1970},
 issn = {0001-0782},
 pages = {377--387},
 numpages = {11},
 url = {http://doi.acm.org/10.1145/362384.362685},
 doi = {10.1145/362384.362685},
 acmid = {362685},
 publisher = {ACM},
 address = {New York, NY, USA},
 keywords = {composition, consistency, data bank, data base, data integrity, data organization, data structure, derivability, hierarchies of data, join, networks of data, predicate calculus, redundancy, relations, retrieval language, security},
}

@inproceedings{Shanbhag:2018:ETQ:3183713.3183735,
 author = {Shanbhag, Anil and Pirk, Holger and Madden, Samuel},
 title = {Efficient Top-K Query Processing on Massively Parallel Hardware},
 booktitle = {Proceedings of the 2018 International Conference on Management of Data},
 series = {SIGMOD '18},
 year = {2018},
 isbn = {978-1-4503-4703-7},
 location = {Houston, TX, USA},
 pages = {1557--1570},
 numpages = {14},
 url = {http://doi.acm.org/10.1145/3183713.3183735},
 doi = {10.1145/3183713.3183735},
 acmid = {3183735},
 publisher = {ACM},
 address = {New York, NY, USA},
 keywords = {bitonic top-k, top-k algorithms for gpu},
} 

@article{article,
author = {Karimi, Kamran and G. Dickson, Neil and Hamze, Firas},
year = {2010},
month = {05},
pages = {},
title = {A Performance Comparison of CUDA and OpenCL},
volume = {arXiv:1005.2581},
journal = {Computing Research Repository - CORR}
}

@inproceedings{DBLP:conf/cidr/BonczZN05,
  author    = {Peter A. Boncz and
               Marcin Zukowski and
               Niels Nes},
  title     = {MonetDB/X100: Hyper-Pipelining Query Execution},
  booktitle = {{CIDR} 2005, Second Biennial Conference on Innovative Data Systems
               Research, Asilomar, CA, USA, January 4-7, 2005, Online Proceedings},
  pages     = {225--237},
  year      = {2005},
  crossref  = {DBLP:conf/cidr/2005},
  url       = {http://cidrdb.org/cidr2005/papers/P19.pdf},
  timestamp = {Thu, 29 Jun 2017 19:21:38 +0200},
  biburl    = {https://dblp.org/rec/bib/conf/cidr/BonczZN05},
  bibsource = {dblp computer science bibliography, https://dblp.org}
}

@article{Boncz:2008:BMW:1409360.1409380,
 author = {Boncz, Peter A. and Kersten, Martin L. and Manegold, Stefan},
 title = {Breaking the Memory Wall in MonetDB},
 journal = {Commun. ACM},
 issue_date = {December 2008},
 volume = {51},
 number = {12},
 month = dec,
 year = {2008},
 issn = {0001-0782},
 pages = {77--85},
 numpages = {9},
 url = {http://doi.acm.org/10.1145/1409360.1409380},
 doi = {10.1145/1409360.1409380},
 acmid = {1409380},
 publisher = {ACM},
 address = {New York, NY, USA},
} 

@inproceedings{Beazley:1996:SEU:1267498.1267513,
 author = {Beazley, David M.},
 title = {SWIG: An Easy to Use Tool for Integrating Scripting Languages with C and C++},
 booktitle = {Proceedings of the 4th Conference on USENIX Tcl/Tk Workshop, 1996 - Volume 4},
 series = {TCLTK'96},
 year = {1996},
 location = {Monterey, California},
 pages = {15--15},
 numpages = {1},
 url = {http://dl.acm.org/citation.cfm?id=1267498.1267513},
 acmid = {1267513},
 publisher = {USENIX Association},
 address = {Berkeley, CA, USA},
} 

@article{XP:2013,
 title={Extreme Programming: A Gentle Introduction.},
 url={http://www.extremeprogramming.org/},
 author={Wells, Don},
 year={2013},
 month={Oct}
}
